%% This BibTeX bibliography file was created using BibDesk.
%% http://bibdesk.sourceforge.net/


@article{bernardini1997sampling,
  title={Sampling and reconstructing manifolds using alpha-shapes},
  author={Bernardini, Fausto and Bajaj, Chandrajit L},
  year={1997}
}


@book{born2013principles,
  title={Principles of optics: electromagnetic theory of propagation, interference and diffraction of light},
  author={Born, Max and Wolf, Emil},
  year={2013},
  publisher={Elsevier}
}

@book{chaves2015introduction,
  title={Introduction to nonimaging optics},
  author={Chaves, Julio},
  year={2015},
  publisher={CRC press}
}



@article{demarsin2007detection,
  title={Detection of closed sharp edges in point clouds using normal estimation and graph theory},
  author={Demarsin, Kris and Vanderstraeten, Denis and Volodine, Tim and Roose, Dirk},
  journal={Computer-Aided Design},
  volume={39},
  number={4},
  pages={276--283},
  year={2007},
  publisher={Elsevier}
}


@book{edelsbrunner1992weighted,
  title={Weighted alpha shapes},
  author={Edelsbrunner, Herbert},
  year={1992},
  publisher={University of Illinois at Urbana-Champaign, Department of Computer Science}
}
@article{edelsbrunner1994three,
  title={Three-dimensional alpha shapes},
  author={Edelsbrunner, Herbert and M{\"u}cke, Ernst P},
  journal={ACM Transactions on Graphics (TOG)},
  volume={13},
  number={1},
  pages={43--72},
  year={1994},
  publisher={ACM}
}

@book{Gross2005Handbook,
  title={Handbook of the Optical Systems},
  author={Gross, Herbert},
  volume={1},
  year={2005},
  publisher={Wiley-VCH}
}

@book{hecht1998hecht,
  title={Optics},
  author={Hecht, Eugene},
  year={Parson Addison-Wesley, 2002},

}


@article{portegies2013fast,
  title={Fast ray tracing in phase space for optical design},
  author={Portegies, JM and Lighting, Philips},
  year={2013}
}

@article{Ries:2,
  title={Edge-ray principle of nonimaging optics},
  author={Ries, Harald and Rabl, Ari},
  journal={JOSA A},
  volume={11},
  number={10},
  pages={2627--2632},
  year={1994},
  publisher={Optical Society of America}
}



@inproceedings{teichmann1998surface,
  title={Surface reconstruction with anisotropic density-scaled alpha shapes},
  author={Teichmann, Marek and Capps, Michael},
  booktitle={Visualization'98. Proceedings},
  pages={67--72},
  year={1998},
  organization={IEEE}
}


@article{Ting:1,
  title={\text{Monte Carlo} simulation of light-emitting diode light-extraction characteristics},
  author={Ting, David Z and McGill Jr, Thomas C},
  journal={Optical Engineering},
  volume={34},
  number={12},
  pages={3545--3553},
  year={1995},
  publisher={International Society for Optics and Photonics}
}



@book{wolf2004geometric,
  title={Geometric optics on phase space},
  author={Wolf, Kurt Bernardo},
  year={2004},
  publisher={Springer Science \& Business Media}
}

@book{wyszecki1982color,
  title={Color science},
  author={Wyszecki, Gunter and Stiles, Walter Stanley},
  volume={8},
  year={1982},
  publisher={Wiley New York}
}


%% Saved with string encoding Unicode (UTF-8) 



